;; Account: Liabilities:DE:MasterCard:Silver-4932
;; Date: 2023-06-30
;; Name: MasterCard_4932.csv

2023-06-01 * "Fruteria" "FRUTERIA RICA FRUITMADRID       ES"
  Liabilities:DE:MasterCard:Silver-4932  -9.04 EUR
  Expenses:Food:Vegetables                9.04 EUR

2023-06-05 * "PIZZERIAMADRID       ES"
  Liabilities:DE:MasterCard:Silver-4932  -17.50 EUR

2023-06-05 * "NUEVA SILVELASAMADRID       ES"
  Liabilities:DE:MasterCard:Silver-4932  -12.45 EUR

2023-06-05 * "BAILES DE SALONMADRID       ES"
  Liabilities:DE:MasterCard:Silver-4932  -13.00 EUR

2023-06-05 * "Fruteria" "FRUTERIA RICA FRUITMADRID       ES"
  Liabilities:DE:MasterCard:Silver-4932  -11.61 EUR
  Expenses:Food:Vegetables                11.61 EUR

2023-06-05 * "DECATHLON ORTEGA Y GASMADRID       ES"
  Liabilities:DE:MasterCard:Silver-4932  -25.99 EUR

2023-06-05 * "FCIA GONZALEZ ARISPEMADRID       ES"
  Liabilities:DE:MasterCard:Silver-4932  -11.90 EUR

2023-06-05 * "Simply Juan Bravo" "Supermarket close to the apartment"
  Liabilities:DE:MasterCard:Silver-4932  -8.22 EUR
  Expenses:Food:Grocery                   8.22 EUR

2023-06-05 * "Simply Juan Bravo" "Supermarket close to the apartment"
  Liabilities:DE:MasterCard:Silver-4932  -11.39 EUR
  Expenses:Food:Grocery                   11.39 EUR

2023-06-05 * "Simply Juan Bravo" "Supermarket close to the apartment"
  Liabilities:DE:MasterCard:Silver-4932  -2.44 EUR
  Expenses:Food:Grocery                   2.44 EUR

2023-06-05 * "SUP.EX. PRINCIPE PIOMADRID       ES"
  Liabilities:DE:MasterCard:Silver-4932  -1.79 EUR

2023-06-07 * "Einzug des Rechnungsbetrages"
  Liabilities:DE:MasterCard:Silver-4932  1089.53 EUR

2023-06-09 * "Simply Juan Bravo" "Supermarket close to the apartment"
  Liabilities:DE:MasterCard:Silver-4932  -15.48 EUR
  Expenses:Food:Grocery                   15.48 EUR

2023-06-09 * "Simply Juan Bravo" "Supermarket close to the apartment"
  Liabilities:DE:MasterCard:Silver-4932  -0.40 EUR
  Expenses:Food:Grocery                   0.40 EUR

2023-06-15 * "Castellana de AutopistSAN RAFAEL   ES"
  Liabilities:DE:MasterCard:Silver-4932  -6.20 EUR

2023-06-15 * "Castellana de AutopistSAN RAFAEL   ES"
  Liabilities:DE:MasterCard:Silver-4932  -5.00 EUR

2023-06-22 * "SALSABACHATATALLINN      EE"
  Liabilities:DE:MasterCard:Silver-4932  -20.00 EUR

2023-06-26 * "UTE TEATROS DEL CANALMADRID       ES"
  Liabilities:DE:MasterCard:Silver-4932  -18.00 EUR

2023-06-29 * "SALSABACHATATALLINN      EE"
  Liabilities:DE:MasterCard:Silver-4932  -40.00 EUR

2023-06-30 * "PAYPAL *BAVARIANCAP35314369001  DE"
  Liabilities:DE:MasterCard:Silver-4932  -44.95 EUR
